@article{Cut,
  author    = {Marco Cuturi},
  title     = {Sinkhorn Distances: Lightspeed Computation of Optimal Transport},
  booktitle = {Advances in Neural Information Processing Systems 26: 27th Annual
               Conference on Neural Information Processing Systems 2013. Proceedings
               of a meeting held December 5-8, 2013, Lake Tahoe, Nevada, United States.},
  pages     = {2292--2300},
  year      = {2013},
  crossref  = {DBLP:conf/nips/2013},
  url       = {http://papers.nips.cc/paper/4927-sinkhorn-distances-lightspeed-computation-of-optimal-transport},
  timestamp = {Fri, 31 Jan 2014 12:11:40 +0100},
  biburl    = {https://dblp.org/rec/bib/conf/nips/Cuturi13},
  bibsource = {dblp computer science bibliography, https://dblp.org}
}

@ARTICLE{Arj++,
	author = {{Arjovsky}, Martin and {Chintala}, Soumith and {Bottou}, L{\'e}on},
	title = "{Wasserstein GAN}",
	journal = {arXiv e-prints},
	keywords = {Statistics - Machine Learning, Computer Science - Machine Learning},
	year = "2017",
	month = "Jan",
	eid = {arXiv:1701.07875},
	pages = {arXiv:1701.07875},
	archivePrefix = {arXiv},
	eprint = {1701.07875},
	primaryClass = {stat.ML},
	adsurl = {https://ui.adsabs.harvard.edu/abs/2017arXiv170107875A},
	adsnote = {Provided by the SAO/NASA Astrophysics Data System}
}

@article{Goe++,
	author    = {Justin Solomon and
	Fernando de Goes and
	Gabriel Peyr{\'{e}} and
	Marco Cuturi and
	Adrian Butscher and
	Andy Nguyen and
	Tao Du and
	Leonidas J. Guibas},
	title     = {Convolutional wasserstein distances: efficient optimal transportation
	on geometric domains},
	journal   = {{ACM} Trans. Graph.},
	volume    = {34},
	number    = {4},
	pages     = {66:1--66:11},
	year      = {2015},
	url       = {https://doi.org/10.1145/2766963},
	doi       = {10.1145/2766963},
	timestamp = {Tue, 06 Nov 2018 12:51:26 +0100},
	biburl    = {https://dblp.org/rec/bib/journals/tog/SolomonGPCBNDG15},
	bibsource = {dblp computer science bibliography, https://dblp.org}
}

